@INPROCEEDINGS{6913799,
author={Marinho, Murilo M. and Bernardes, Mariana C. and Bo, Antonio P.L.},
booktitle={Biomedical Robotics and Biomechatronics (2014 5th IEEE RAS EMBS International Conference on},
title={A programmable remote center-of-motion controller for minimally invasive surgery using the dual quaternion framework},
year={2014},
month={Aug},
pages={339-344},
keywords={End effectors;Endoscopes;Kinematics;Quaternions;Surgery},
doi={10.1109/BIOROB.2014.6913799},
organization={IEEE},
volume={1},
address={Sao Paulo, Brazil},
ISSN={2155-1774}}



@book{redytton,
	author    = {RÃ‰DYTTON BRENNER SOUSA}, 
	title     = {IMPLEMENTA{\c C}{\~ A}O DE CONTROLE DE RISER, VALIDA{\c C}{\~ A}O EXPERIMENTAL E AN{\' A}LISE ATRAV{\' E}S DE PROCESSAMENTO DE IMAGENS},
	publisher = {Faculdade de Tecnologia, Universidade de Bras{\' i}lia},
	year      = 2015,
	address   = {Brasilia, DF},
	note      = {Trabalho de Gradua{\c c}{\~ a}o em Engenharia de Controle e Automa{\c c}{\~ a}o},
}