
@book{redytton,
	author    = {RÉDYTTON BRENNER SOUSA}, 
	title     = {Implementação de Controle de Riser, Validação Experimental e Análise Através de Processamento de Imagens},
	publisher = {Faculdade de Tecnologia, Universidade de Brasília},
	year      = 2015,
	address   = {Brasília, DF},
	note      = {Trabalho de Graduação em Engenharia de Controle e Automação},
}

@book{rafaelMestrado,
	author    = {Rafael Domenici Pereira Simões}, 
	title     = {Sistema de Posicionamento Dinâmico para Instalações Submarinas},
	publisher = {Universidade de Brasília. Faculdade de Tecnologia, Departamento de Engenharia Mecânica},
	year      = 2016,
	address   = {Brasília, DF},
	note      = {Dissertação de Mestrado},
}

@book{Ogata:2010,
 author = {Katsuhiko Ogata},
 title = {Modern Control Engineering},
 year = {2010},
 isbn = {0-13-615673-8},
 edition = {5th},
 publisher = {Prentice Hall PTR},
 address = {Upper Saddle River, NJ, USA},
}

@book{OgataDiscrete:1995,
 author = {Katsuhiko Ogata},
 title = {Discrete-Time Control Systems},
 year = {1995},
 isbn = {978-0130342812},
 edition = {2nd},
 publisher = {Pearson}
} 

@phdthesis{teseEugenio,
  author       = {Eugênio Fortaleza}, 
  title        = {Active Control Applied to Offshore Structures: Positioning and Attenuation of Vortex Induced Vibrations},
  school       = {{\' E}cole Nationale Sup{\' e}rieure des Mines de Paris},
  year         = 2009,
  note         = {Ph.D. thesis}
}
	
@inproceedings{eugenioASME2012,
  doi = {10.1115/omae2012-83798},
  url = {http://dx.doi.org/10.1115/OMAE2012-83798},
  year  = {2012},
  month = {jul},
  publisher = {{ASME} International},
  author = {Eugenio Fortaleza and Daniel Albuquerque and Marcio Yamamoto},
  title = {An Investigation About the Trajectory Control During the Subsea Equipment Installation Using Cable},
  booktitle = {Volume 1: Offshore Technology}
}

@misc{preSal,
  organization = {Petrobras},
  title = {Pré-Sal: Exploração e Produção de Petróleo},
  howpublished = {Disponível em: \url{http://www.petrobras.com.br/pt/nossas-atividades/areas-de-atuacao/exploracao-e-producao-de-petroleo-e-gas/pre-sal/}},
  note = {Acesso em: 27/11/2015}
}

@misc{sercos,
  organization = {SERCOS INTERNATIONAL},
  title = {Introduction to Sercos},
  howpublished = {Disponível em: \url{http://www.sercos.com/technology/index.htm}},
  note = {Acesso em: 28/11/2015}
}

@misc{kinetix6000usermanual,
  organization = {Allen-Bradley},
  title = {User Manual Kinetix 6000 Multi-axis Servo Drives},
  howpublished = {Disponível em: \url{http://literature.rockwellautomation.com/idc/groups/literature/documents/um/2094-um001_-en-p.pdf}},
  month = {July},
  year = {2015},
  note = {Rockwell Automation Publication 2094-UM001I-EN-P. Acesso em: 28/11/2015}
}

@misc{defServoMotores,
  organization = {KOLLMORGEN},
  title = {Servomotors},
  howpublished = {Disponível em: \url{http://www.kollmorgen.com/en-us/products/motors/servo/servomotors/}},
  note = {Acesso em: 28/11/2015}
}


@article{fabricioIFAC,
title = "Modal Reduction Based Tracking Control for Installation of Subsea Equipments* ",
journal = "IFAC-PapersOnLine ",
volume = "48",
number = "6",
pages = "15 - 20",
year = "2015",
note = "2nd \{IFAC\} Workshop on Automatic Control in Offshore Oil and Gas Production \{OOGP\} 2015 Florianópolis, Brazil, 27–29 May 2015 ",
issn = "2405-8963",
doi = "http://dx.doi.org/10.1016/j.ifacol.2015.08.003",
url = "http://www.sciencedirect.com/science/article/pii/S2405896315008708",
author = "Fabricio Rodrigues Monteiros and Jose Oniram de Aquino Limaverde Filho and Eugênio Fortaleza",
keywords = "Offshore Structures",
keywords = "Distributed Parameter Systems",
keywords = "Modal Reduction",
keywords = "Trajectory Tracking "
}

@misc{presencePlusEthernetIP,
  organization = {Banner Engineering},
  title = {PresencePLUS Industrial Ethernet User's Guide Vol 2},
  howpublished = {Disponível em: \url{http://www.bannerengineering.com/en-US/products/sub/78#ui-tabs-37}},
  month = {September},
  year = {2015},
  note = {Acesso em: 29/11/2015}
}

@misc{rockwellAutomation,
  organization = {Rockwell Automation},
  author = {EPUSP},
  title = {Automação elétrica de processos industriais},
  howpublished = {Disponível em: \url{http://lara.unb.br/~gaborges/disciplinas/ca/teoria_final_1_prova.pdf}},
  note = {Acesso em: 29/11/2015}
}

@misc{devicenetrockwell,
  organization = {Rockwell Automation},
  title = {DeviceNet Network},
  howpublished = {Disponível em: \url{http://ab.rockwellautomation.com/Networks-and-Communications/DeviceNet-Network}},
  note = {Acesso em: 30/11/2015}
}

@misc{dnetrta,
  organization = {RTA Automation},
  title = {DeviceNet\texttrademark Unplugged – A View ``Under the Hood'' for End Users},
  howpublished = {Disponível em: \url{http://www.rtaautomation.com/technologies/devicenet/}},
  note = {Acesso em: 30/11/2015}
}

@misc{odva,
  organization = {ODVA},
  title = {Open DeviceNet Vendor Association},
  howpublished = {Disponível em: \url{https://www.odva.org}},
  note = {Acesso em: 30/11/2015}
}

@misc{eiprta,
  organization = {RTA Automation},
  author = {John Rinaldi},
  title = {The 6.5 Things You Must Know about EtherNet/IP},
  howpublished = {Disponível em: \url{http://www.rtaautomation.com/technologies/ethernetip/}},
  note = {Acesso em: 30/11/2015}
}

@misc{eiprockwell,
  organization = {Rockwell Automation},
  title = {A Single IT-Friendly Network for Enterprise and Industrial Applications},
  howpublished = {Disponível em: \url{http://www.rockwellautomation.com/global/products-technologies/integrated-architecture/ethernet-ip.page}},
  note = {Acesso em: 30/11/2015}
}

@misc{eipodva1,
  organization = {ODVA},
  title = {Ethernet/IP - Quick Start for Vendors Handbook},
  howpublished = {Disponível em: \url{https://www.odva.org/Portals/0/Library/Publications_Numbered/PUB00213R0_EtherNetIP_Developers_Guide.pdf}},
  note = {Acesso em: 30/11/2015}
}

@misc{OPCFoundation1,
  organization = {OPC Foundation},
  title = {What is OPC?},
  howpublished = {Disponível em: \url{https://opcfoundation.org/about/what-is-opc/}},
  note = {Acesso em: 26/06/2016}
}

@misc{c2d,
	organization = {MathWorks},
	title = {Convert model from continuous to discrete time - MATLAB c2d},
	howpublished = {Disponível em: \url{http://www.mathworks.com/help/control/ref/c2d.html}},
	note = {Acesso em: 26/06/2016}
}

@misc{OpenOPC,
  organization = {SourceForge},
  title = {OpenOPC for Python},
  howpublished = {Disponível em: \url{http://openopc.sourceforge.net/}},
  note = {Acesso em: 26/06/2016}
}